@Misc{Li08Stabilizer,
  Author       = {Li, K.},
  Title        = {The image stabilizer plugin for {ImageJ}},
  Howpublished = {\url{http://www.cs.cmu.edu/~kangli/code/Image_Stabilizer.html}},
  Month        = feb,
  Year         = {2008}
}

@Article{Gilbert10Elasticity,
  Author = {Gilbert, P. M. and Havenstrite, K. L. and Magnusson, K. E. G. and Sacco, A. and Leonardi, N. A. and Kraft, P. and Nguyen, N. K. and Thrun, S. and Lutolf, M. P. and Blau, H. M.},
  Title = {Substrate Elasticity Regulates Skeletal Muscle Stem Cell Self-Renewal in Culture},
  Volume = {329},
  Number = {5995},
  Pages = {1078-1081},
  Year = {2010},
  Journal = {Science}
}

@Inproceedings{Magnusson12Viterbi,
  Author={Magnusson, K. E. G. and Jald\'en, J.},
  Title={A batch algorithm using iterative application of the {V}iterbi algorithm to track cells and construct cell lineages},
  Booktitle={IEEE International Symposium on Biomedical Imaging: From Nano to Macro},
  Year={2012},
  Pages={382--385}
}

@Article{Maska14Benchmark,
  Title                    = {A benchmark for comparison of cell tracking algorithms},
  Author                   = {Ma\v{s}ka,M. and Ulman,V. and Svoboda,D. and Matula,P. and Matula,P. and Ederra,C. and Urbiola,A. and Espa\~{n}a,T. and Venkatesan,S. and Balak,D. M. W. and Karas,P. and Bolckov\'{a},T. and \v{S}treitov\'{a},M. and Carthel,C. and Coraluppi,S. and Harder,N. and Rohr,K. and Magnusson,K. E. G. and Jald\'{e}n,J. and Blau,H. M. and Dzyubachyk,O. and K\v{r}\'{i}\v{z}ek,P. and Hagen,G. M. and Pastor-Escuredo,D. and Jimenez-Carretero,D. and Ledesma-Carbayo,M. J. and {Mu\~{n}oz-Barrutia},A. and Meijering,E. and Kozubek,M. and Ortiz-de{-}Solorzano,C.},
  Journal                  = {Bioinformatics},
  Year                     = {2014},
  Number                   = {11},
  Pages                    = {1609--1617},
  Volume                   = {30}
}

@Article{Magnusson15Viterbi,
  Author = {Magnusson,K. E. G. and Jald{\'e}n,J. and Gilbert,P. M. and Blau,H. M.},
  Title = {Global linking of cell tracks using the {V}iterbi algorithm},
  Journal = {IEEE Trans. Med. Imag.},
  Year = {2015},
  Volume = {34},
  Pages = {1-19},
  Number = {4}
}

@Misc{Ortiz15Challenge,
  Title                    = {{Cell Tracking Challenge}},
  HowPublished             = {\url{http://celltrackingchallenge.net}},
  Note                     = {Accessed: 2018-12-10},
}

@Article{Matula15Accuracy,
  Title                    = {Cell Tracking Accuracy Measurement Based on Comparison of Acyclic Oriented Graphs},
  Author                   = {Matula, P. and Ma{\v{s}}ka, M. and Sorokin, D. V. and Matula, P. and Ortiz-de{-}Sol{\'o}rzano, C. and Kozubek, M.},
  Journal                  = {PLOS ONE},
  Year                     = {2015},
  Number                   = {12},
  Pages                    = {1--19},
  Volume                   = {10}
}

@PhdThesis{Magnusson16Thesis,
  Title                    = {Segmentation and tracking of cells and particles in time-lapse microscopy},
  Author                   = {Magnusson, K. E. G.},
  School                   = {KTH Royal Institute of Technology},
  Year                     = {2016}
}

@Article{Ulman17Objective,
  Author    = {Ulman, V. and Ma{\v{s}}ka, M. and Magnusson, K. E. G. and Ronneberger, O. and Haubold, C. and Harder, N. and Matula, P. and Matula, P. and Svoboda, D. and Radojevic, M. and Smal, I. and Rohr, K. and Jald{\'{e}}n, J. and Blau, H. M. and Dzyubachyk, O. and Lelieveldt, B. and Xiao, P. and Li, Y. and Cho, S.-Y. and Dufour, A. C. and Olivo-Marin, J.-C. and Reyes-Aldasoro, C. C. and Solis-Lemus, J. A. and Bensch, R. and Brox, T. and Stegmaier, J. and Mikut, R. and Wolf, S. and Hamprecht, F. A. and Esteves, T. and Quelhas, P. and Demirel, {\"{O}}. and Malmstr{\"{o}}m, L. and Jug, F. and Tomancak, P. and Meijering, E. and Mu{\~{n}}oz-Barrutia, A. and Kozubek, M. and Ortiz-de{-}Solorzano, C.},
  Title     = {An objective comparison of cell-tracking algorithms},
  Journal   = {Nature methods},
  Year      = {2017},
  Volume    = {14},
  Number    = {12},
  Pages     = {1141--1152}
}